
@misc{IntroductionModelicaUnified,
  title = {1 {{Introduction}}> {{Modelica}}\textregistered{} - {{A Unified Object}}-{{Oriented Language}} for {{Systems Modeling Language Specification Version}} 3.4},
  howpublished = {https://specification.modelica.org/v3.4/Ch1.html},
  file = {C\:\\Users\\ralba\\Zotero\\storage\\5EYJ98GS\\Ch1.html}
}

@misc{Modelica,
  title = {Modelica},
  howpublished = {https://doc.modelica.org/Modelica\%204.0.0/Resources/helpDymola/Modelica.html},
  file = {C\:\\Users\\ralba\\Zotero\\storage\\I6WHP2T4\\Modelica.html}
}

@misc{ModelicaLibrariesModelica,
  title = {Modelica {{Libraries}} \textemdash{} {{Modelica Association}}},
  howpublished = {https://modelica.org/libraries.html},
  file = {C\:\\Users\\ralba\\Zotero\\storage\\EHVK5Y2A\\libraries.html}
}

@misc{ModelicaStandardLibrary2021,
  title = {Modelica {{Standard Library}}},
  year = {2021},
  month = oct,
  abstract = {Free (standard conforming) library from the Modelica Association to model mechanical (1D/3D), electrical (analog, digital, machines), magnetic, thermal, fluid, control systems and hierarchical state machines. Also numerical functions and functions for strings, files and streams are included.},
  copyright = {BSD-3-Clause},
  howpublished = {Modelica Association},
  keywords = {cyber-physical-systems,hacktoberfest,map-lib,modelica,modelica-library,standard-conforming,system-modeling,system-modelling,system-simulation}
}

@misc{ModelicaUnifiedObjectOriented,
  title = {{{Modelica}}\textregistered{} - {{A Unified Object}}-{{Oriented Language}} for {{Systems ModelingLanguage SpecificationVersion}} 3.4},
  howpublished = {https://specification.modelica.org/v3.4/MLS.html},
  file = {C\:\\Users\\ralba\\Zotero\\storage\\3VC7KD6Y\\MLS.html}
}

@misc{OMEditOpenModelicaConnection,
  title = {{{OMEdit}} \textendash{} {{OpenModelica Connection Editor}} \textemdash{} {{OpenModelica User}}'s {{Guide}} v1.13.0-Dev-1088-Ged6fca9 Documentation},
  howpublished = {https://openmodelica.org/doc/OpenModelicaUsersGuide/v1.13.0-dev.beta0/omedit.html},
  file = {C\:\\Users\\ralba\\Zotero\\storage\\ATAJ53V6\\omedit.html}
}

@misc{OMEditOpenModelicaConnectiona,
  title = {{{OMEdit}} \textendash{} {{OpenModelica Connection Editor}} \textemdash{} {{OpenModelica User}}'s {{Guide}} v1.19.0-Dev-284-Gf58737cb1dd Documentation},
  howpublished = {https://openmodelica.org/doc/OpenModelicaUsersGuide/latest/omedit.html},
  file = {C\:\\Users\\ralba\\Zotero\\storage\\FISJ2PAM\\omedit.html}
}

@misc{SolvingModelicaModels,
  title = {Solving {{Modelica Models}} \textemdash{} {{OpenModelica User}}'s {{Guide}} v1.19.0-Dev-284-Gf58737cb1dd Documentation},
  howpublished = {https://www.openmodelica.org/doc/OpenModelicaUsersGuide/latest/solving.html},
  file = {C\:\\Users\\ralba\\Zotero\\storage\\9L2TVS66\\solving.html}
}


